@misc{rfc959,
    author = {Postel, J. and Reynolds, J. K.},
    month = oct,
    posted-at = {09/03/2007},
    priority = {2},
    title = {{RFC 959}: File Transfer Protocol},
    url = {ftp://ftp.internic.net/rfc/rfc959.txt},
    year = {1985}
    note = {Last Accessed: 18/03/2018}
}

@online{FTPbeginners,
	ALTauthor = {Statz, Pamela},
	ALTeditor = {editor},
	title = {FTP for Beginners},
	date = {15/02/2010},
	url = {https://www.wired.com/2010/02/ftp_for_beginners/},
	OPTdate = {15},
	OPTmonth = {02},
	OPTyear = {2010},
	note = {Last Accessed: 18/03/2018}
}

@book{topDownApproach6th,
	author = {Kurose, James F. and Ross, Keith W.},
	title = {Computer Networking: A Top-Down Approach (6th Edition)},
	year = {2012},
	OPTeditor = {editor},
	publisher = {Pearson},
	OPTlocation = {location},
	isbn = {0132856204, 9780132856201},
	chapter = {2},
	pages = {116-118},
}
